@article{kalodner2017blocksci,
  title={BlockSci: {D}esign and applications of a blockchain analysis platform},
  author={Kalodner, Harry and Goldfeder, Steven and Chator, Alishah and M{\"o}ser, Malte and Narayanan, Arvind},
  journal={arXiv preprint arXiv:1709.02489},
  year={2017}
}

@article{marx1859preface,
  title={Preface to a Contribution to the Critique of Political Economy},
  author={Marx, Karl},
  journal={The Marx-Engels Reader},
  volume={2},
  pages={3--6},
  year={1859},
  publisher={WW Norton New York}
}
                  
@book{fullarton1845regulation,
  title={On the regulation of currencies: {B}eing an examination of the principles, on which it is proposed to restrict, within certain fixed limits, the future issues on credit of the {B}ank of {E}ngland, and of the other banking establishments throughout the country},
  author={Fullarton, John},
  year={1845},
  publisher={J. Murray}
}

@book{marx1872kapital,
  title={Das {K}apital: {K}ritik der politischen {\"O}konomie},
  author={Marx, Karl},
  volume={1},
  year={1872},
  publisher={O. Meissner}
}

@article{fisher1911equation,
  title={"{T}he Equation of Exchange," 1896-1910},
  author={Fisher, Irving},
  journal={The American Economic Review},
  volume={1},
  number={2},
  pages={296--305},
  year={1911},
  publisher={JSTOR}
}

@article{friedman2017quantity,
  title={Quantity theory of money},
  author={Friedman, Milton},
  journal={The New Palgrave Dictionary of Economics},
  pages={1--31},
  year={2017},
  publisher={Springer}
}

@inproceedings{meiklejohn2013fistful,
  title={A fistful of bitcoins: {C}haracterizing payments among men with no names},
  author={Meiklejohn, Sarah and Pomarole, Marjori and Jordan, Grant and Levchenko, Kirill and McCoy, Damon and Voelker, Geoffrey M and Savage, Stefan},
  booktitle={Proceedings of the 2013 conference on Internet measurement conference},
  pages={127--140},
  year={2013},
  organization={ACM}
}

@book{fisher1922purch,
  title={The Purchasing Power of Money, its Determination and Relation to Credit, Interest and Crises},
  author={Fisher, Irving},
  year={1922},
  publisher={The Macmillan Company}
}

@article{smith2017bitcoin,
  title={Bitcoin Average Dormancy: {A} Measure of Turnover and Trading Activity},
  author={Smith, Reginald D},
  journal={arXiv preprint arXiv:1712.10287},
  year={2017}
}

@article{glaser2014bitcoin,
  title={Bitcoin-asset or currency? {R}evealing users' hidden intentions},
  author={Glaser, Florian and Zimmermann, Kai and Haferkorn, Martin and Weber, Moritz Christian and Siering, Michael},
  journal={Revealing Users' Hidden Intentions (April 15, 2014). ECIS},
  year=2014
}

@article{athey2016bitcoin,
  title={Bitcoin pricing, adoption, and usage: {T}heory and evidence},
  author={Athey, Susan and Parashkevov, Ivo and Sarukkai, Vishnu and Xia, Jing},
  year={2016},
  publisher={Stanford University Graduate School of Business Research Paper},
  journal={SSRN}
}

@article{ciaian2016economics,
  title={The economics of BitCoin price formation},
  author={Ciaian, Pavel and Rajcaniova, Miroslava and Kancs, dâ€™Artis},
  journal={Applied Economics},
  volume={48},
  number={19},
  pages={1799--1815},
  year={2016},
  publisher={Taylor \& Francis}
}

@article{yang2018behavioral,
  title={Behavioral anomalies in cryptocurrency markets},
  author={Yang, Hanlin},
  journal={Available at SSRN 3174421},
  year={2018}
}

@incollection{yermack2015bitcoin,
  title={Is Bitcoin a real currency? {A}n economic appraisal},
  author={Yermack, David},
  booktitle={Handbook of digital currency},
  pages={31--43},
  year={2015},
  publisher={Elsevier}
}

@article{bouri2019herding,
  title={Herding behaviour in cryptocurrencies},
  author={Bouri, Elie and Gupta, Rangan and Roubaud, David},
  journal={Finance Research Letters},
  volume={29},
  pages={216--221},
  year={2019},
  publisher={Elsevier}
}

%------------------


% papers using velocity proxy "days destroyed"

@article{ciaian2016digital,
  title={The digital agenda of virtual currencies: {C}an BitCoin become a global currency?},
  author={Ciaian, Pavel and Rajcaniova, Miroslava and others},
  journal={Information Systems and e-Business Management},
  volume={14},
  number={4},
  pages={883--919},
  year={2016},
  publisher={Springer}
}

@UNPUBLISHED{georgoula2015using,
  title={Using time-series and sentiment analysis to detect the determinants of bitcoin prices},
  author={Georgoula, Ifigeneia and Pournarakis, Demitrios and Bilanakos, Christos and Sotiropoulos, Dionisios and Giaglis, George M},
  year={2015},
  note={Available at SSRN 2607167},
}

@article{deleo2014does,
  title={Does the Velocity of Bitcoins Effect the Price Level of Bitcoin?},
  author={DeLeo, Michael J and Stull, William},
  journal={Temple University},
  year={2014}
}



% papers using velocity proxy "naive"
@article{bolt2016value,
  title={On the value of virtual currencies},
  author={Bolt, Wilko and Van Oordt, Maarten RC},
  journal={Journal of Money, Credit and Banking},
  year={2016},
  publisher={Wiley Online Library}
}


@article{anderson2019bitcoin,
  title={Bitcoin redux},
  author={Anderson, Ross John and Shumailov, Ilia and Ahmed, Mansoor and Rietmann, Alessandro},
  year={2019},
  journal={ArXiv}
}

@article{zahnentferner2018chimeric,
  title={Chimeric Ledgers: {T}ranslating and Unifying {UTXO}-based and Account-based Cryptocurrencies.},
  author={Zahnentferner, Joachim},
  journal={IACR Cryptology ePrint Archive},
  volume={2018},
  pages={262},
  year={2018}
}

@article{tschorsch2016bitcoin,
  title={Bitcoin and beyond: {A} technical survey on decentralized digital currencies},
  author={Tschorsch, Florian and Scheuermann, Bj{\"o}rn},
  journal={IEEE Communications Surveys \& Tutorials},
  volume={18},
  number={3},
  pages={2084--2123},
  year={2016},
  publisher={IEEE}
}

@article{goldfeder2018cookie,
  title={When the cookie meets the blockchain: {P}rivacy risks of web payments via cryptocurrencies},
  author={Goldfeder, Steven and Kalodner, Harry and Reisman, Dillon and Narayanan, Arvind},
  journal={Proceedings on Privacy Enhancing Technologies},
  volume={2018},
  number={4},
  pages={179--199},
  year={2018},
  publisher={Sciendo}

}
@article{barro1979money,
  title={Money and the price level under the gold standard},
  author={Barro, Robert J},
  journal={The Economic Journal},
  volume={89},
  number={353},
  pages={13--33},
  year={1979},
  publisher={JSTOR}
}

@article{luis2019drivers,
  title={The drivers of Bitcoin demand: {A} short and long-run analysis},
  author={Luis, P and de la Fuente, Gabriel and Perote, Javier},
  journal={International Review of Financial Analysis},
  volume={62},
  pages={21--34},
  year={2019},
  publisher={Elsevier}
}

@article{bouoiyour2015does,
  title={What does Bitcoin look like?},
  author={Bouoiyour, Jamal and Selmi, Refk},
  journal={Annals of Economics and Finance},
  volume={16},
  number={2},
  pages={449--492},
  year={2015},
  publisher={Peking University Press}
}

@techreport{kancs2015digital,
  title={The digital agenda of virtual currencies. {C}an Bitcoin become a global currency?},
  author={Kancs, d'Artis and Ciaian, Pavel and Miroslava, Rajcaniova and others},
  year={2015},
  institution={Joint Research Centre (Seville site)}
}

@book{angelov2019empirical,
  title={Empirical approach to machine learning},
  author={Angelov, Plamen P and Gu, Xiaowei},
  year={2019},
  publisher={Springer}
}


@article{hansen2011model,
  title={The model confidence set},
  author={Hansen, Peter R and Lunde, Asger and Nason, James M},
  journal={Econometrica},
  volume={79},
  number={2},
  pages={453--497},
  year={2011},
  publisher={Wiley Online Library}
}

@incollection{mincer1969evaluation,
  title={The evaluation of economic forecasts},
  author={Mincer, Jacob A and Zarnowitz, Victor},
  booktitle={Economic forecasts and expectations: {A}nalysis of forecasting behavior and performance},
  pages={3--46},
  year={1969},
  publisher={NBER}
}

@book{keynes1930treatise,
  title={A treatise on money in two volumes. 1.: {T}he pure theory of money. 2.: {T}he applied theory of money},
  author={Keynes, John Maynard},
  year={1930},
  publisher={London: Macmillan \& Co}
}


@article{commons2003institutional,
  title={Institutional economics},
  author={Commons, John R},
  journal={Revista de Econom{\'\i}a Institucional},
  volume={5},
  number={8},
  pages={191--201},
  year={2003},
  publisher={Revista de Econom{\'\i}a Institucional}
}

@article{sawyer2003money,
  title={Money: {M}eans of Payment or Store of Wealth?},
  author={Sawyer, Malcolm},
  journal={Modern Theories of Money: {T}he Nature and Role of Money in Capitalist Economies},
  pages={3--17},
  year={2003},
  publisher={Edward Elgar Publishing}
}

@article{ciaian2018price,
  title={The Price of BitCoin: {GARCH} Evidence from High Frequency Data},
  author={Ciaian, Pavel and Kancs, d'Artis and Rajcaniova, Miroslava},
  journal={arXiv preprint arXiv:1812.09452},
  year={2018}
}

@mastersthesis{nick2015data,
  title={Data-driven de-anonymization in Bitcoin},
  author={Nick, Jonas David},
  year={2015},
  school={ETH-Z{\"u}rich}
}
@article{frowis2019safeguarding,
  title={Safeguarding the Evidential Value of Forensic Cryptocurrency Investigations},
  author={Fr{\"o}wis, Michael and Gottschalk, Thilo and Haslhofer, Bernhard and R{\"u}ckert, Christian and Pesch, Paulina},
  journal={arXiv preprint arXiv:1906.12221},
  year={2019}
}

@article{conti2018survey,
  title={A survey on security and privacy issues of bitcoin},
  author={Conti, Mauro and Kumar, E Sandeep and Lal, Chhagan and Ruj, Sushmita},
  journal={IEEE Communications Surveys \& Tutorials},
  volume={20},
  number={4},
  pages={3416--3452},
  year={2018},
  publisher={IEEE}
}

@inproceedings{harrigan2016unreasonable,
  title={The unreasonable effectiveness of address clustering},
  author={Harrigan, Martin and Fretter, Christoph},
  booktitle={2016 Intl IEEE Conferences on Ubiquitous Intelligence \& Computing, Advanced and Trusted Computing, Scalable Computing and Communications, Cloud and Big Data Computing, Internet of People, and Smart World Congress (UIC/ATC/ScalCom/CBDCom/IoP/SmartWorld)},
  pages={368--373},
  year={2016},
  organization={IEEE}
}

@inproceedings{ermilov2017automatic,
  title={Automatic Bitcoin address clustering},
  author={Ermilov, Dmitry and Panov, Maxim and Yanovich, Yury},
  booktitle={2017 16th IEEE International Conference on Machine Learning and Applications (ICMLA)},
  pages={461--466},
  year={2017},
  organization={IEEE}
}

@inproceedings{androulaki2013evaluating,
  title={Evaluating user privacy in bitcoin},
  author={Androulaki, Elli and Karame, Ghassan O and Roeschlin, Marc and Scherer, Tobias and Capkun, Srdjan},
  booktitle={International Conference on Financial Cryptography and Data Security},
  pages={34--51},
  year={2013},
  organization={Springer}
}

@incollection{herrera2014research,
  title={Research and challenges on bitcoin anonymity},
  author={Herrera-Joancomart{\'\i}, Jordi},
  booktitle={Data Privacy Management, Autonomous Spontaneous Security, and Security Assurance},
  pages={3--16},
  year={2014},
  publisher={Springer}
}

@inproceedings{moser2017anonymous,
  title={Anonymous alone? {M}easuring Bitcoinâ€™s second-generation anonymization techniques},
  author={M{\"o}ser, Malte and B{\"o}hme, Rainer},
  booktitle={2017 IEEE European Symposium on Security and Privacy Workshops (EuroS\&PW)},
  pages={32--41},
  year={2017},
  organization={IEEE}
}

@book{angell1936behavior,
  title={The behavior of money: {E}xploratory studies},
  author={Angell, James Waterhouse},
  year={1936},
  publisher={McGraw-Hill Book Company, Incorporated}
}

@article{tobin1958liquidity,
  title={Liquidity preference as behavior towards risk},
  author={Tobin, James},
  journal={The review of economic studies},
  volume={25},
  number={2},
  pages={65--86},
  year={1958},
  publisher={JSTOR}
}

@techreport{hansen1957american,
  title={The American Economy},
  author={Hansen, Alvin Harvey},
  year={1957}
}

@incollection{tobin1989money,
  title={Money, capital, and other stores of value},
  author={Tobin, James},
  booktitle={General Equilibrium Models of Monetary Economies},
  pages={25--37},
  year={1989},
  publisher={Elsevier}
}

@book{keynes2018general,
  title={The general theory of employment, interest, and money},
  author={Keynes, John Maynard},
  year={1936},
  publisher={Reprinted: Springer, 2018}
}

@article{dwyer1988money,
  title={Is money irrelevant},
  author={Dwyer Jr, Gerald P and Hafer, Rik W},
  journal={Federal Reserve Bank of St. Louis Review},
  volume={70},
  number={3},
  pages={3--17},
  year={1988}
}

@techreport{mccallum2001monetary,
  title={Monetary policy analysis in models without money},
  author={McCallum, Bennett T},
  year={2001},
  institution={National Bureau of Economic Research}
}

@article{favara2009reconsidering,
  title={Reconsidering the role of money for output, prices and interest rates},
  author={Favara, Giovanni and Giordani, Paolo},
  journal={Journal of Monetary Economics},
  volume={56},
  number={3},
  pages={419--430},
  year={2009},
  publisher={Elsevier}
}

@techreport{gali2002new,
  title={New perspectives on monetary policy, inflation, and the business cycle},
  author={Gal{\'\i}, Jordi},
  year={2002},
  institution={National Bureau of Economic Research}
}

@article{bachmeier2005predicting,
  title={Predicting inflation: {D}oes the quantity theory help?},
  author={Bachmeier, Lance J and Swanson, Norman R},
  journal={Economic Inquiry},
  volume={43},
  number={3},
  pages={570--585},
  year={2005},
  publisher={Wiley Online Library}
}

@inproceedings{perniceetal2019stabil,
  title={Monetary Stabilization in Cryptocurrencies--Design Approaches and Open Questions},
  author={Pernice, Ingolf GA and Henningsen, Sebastian and Proskalovich, Roman and Florian, Martin and Elendner, Hermann and Scheuermann, Bj{\"o}rn},
  booktitle={2019 Crypto Valley Conference on Blockchain Technology (CVCBT)},
  pages={47--59},
  year=2019,
  organization={IEEE}
}
